@ONLINE{hackathron:real_time_to_real_value,
	url = {http://www.information-management.com/issues/20040101/7913-1.html},
	urldate = { 11.01.2013 10:37 },
	AUTHOR = "Dr. Richard Hackathorn",
	YEAR = {2004},
	MONTH = "January",
	TITLE = "Real-Time to Real-Value"
}


@INPROCEEDINGS{{Future internet: The Internet of Things:Tan, 
author={Lu Tan and Neng Wang}, 
booktitle={Advanced Computer Theory and Engineering (ICACTE), 2010 3rd International Conference on}, title={Future internet: The Internet of Things}, 
year={2010}, 
month={aug.}, 
volume={5}, 
number={}, 
pages={V5-376 -V5-380}, 
keywords={Artificial intelligence;Computer architecture;Educational institutions;Geology;IEEE 802.11 Standards;Logic gates;Internet;open systems;radiofrequency identification;software architecture;ubiquitous computing;Internet of things;RFID;communication era;radio frequency identification techniques;ubiquitous computing;Internet of Things;M2M;RFID;automatic facilities management;smart campus;ubiqutious computing;}, 
doi={10.1109/ICACTE.2010.5579543}, 
ISSN={2154-7491},}


@ARTICLE{future_Internet:shenker, 
author={Shenker, S.}, 
journal={Selected Areas in Communications, IEEE Journal on}, 
title={Fundamental design issues for the future Internet}, 
year={1995}, 
month={sept. }, 
volume={13}, 
number={7}, 
pages={1176 -1188}, 
keywords={Admission control;Cable TV;Electronic mail;IP networks;Internet telephony;Monitoring;Social factors;Traffic control;Web and internet services;Internet;multimedia communication;telecommunication congestion control;telecommunication services;telecommunication traffic;Internet;admission control;architectural design issues;multimedia applications;service model;service requirements;traffic characteristics;utility function formulation;}, 
doi={10.1109/49.414637}, 
ISSN={0733-8716},}


@book{EDA:Taylor,
    author = {Taylor, Hugh and Yochem, Angela and Phillips, Les and Martinez, Frank},
    citeulike-article-id = {6512654},
    citeulike-linkout-0 = {http://www.amazon.ca/exec/obidos/redirect?tag=citeulike09-20\&amp;path=ASIN/0321322118},
    citeulike-linkout-1 = {http://www.amazon.de/exec/obidos/redirect?tag=citeulike01-21\&amp;path=ASIN/0321322118},
    citeulike-linkout-2 = {http://www.amazon.fr/exec/obidos/redirect?tag=citeulike06-21\&amp;path=ASIN/0321322118},
    citeulike-linkout-3 = {http://www.amazon.jp/exec/obidos/ASIN/0321322118},
    citeulike-linkout-4 = {http://www.amazon.co.uk/exec/obidos/ASIN/0321322118/citeulike00-21},
    citeulike-linkout-5 = {http://www.amazon.com/exec/obidos/redirect?tag=citeulike07-20\&path=ASIN/0321322118},
    citeulike-linkout-6 = {http://www.worldcat.org/isbn/0321322118},
    citeulike-linkout-7 = {http://books.google.com/books?vid=ISBN0321322118},
    citeulike-linkout-8 = {http://www.amazon.com/gp/search?keywords=0321322118\&index=books\&linkCode=qs},
    citeulike-linkout-9 = {http://www.librarything.com/isbn/0321322118},
    day = {27},
    edition = {1},
    howpublished = {Paperback},
    isbn = {0321322118},
    keywords = {eda, edas, enterprises, real-time, real-time-web, soa},
    month = feb,
    posted-at = {2010-06-15 11:14:15},
    priority = {2},
    publisher = {Addison-Wesley Professional},
    title = {{Event-Driven} Architecture: How {SOA} Enables the {Real-Time} Enterprise},
    url = {http://www.amazon.com/exec/obidos/redirect?tag=citeulike07-20\&path=ASIN/0321322118},
    year = {2009}
}


@ONLINE{That 'Internet of Things' Thing:Ashton,
	url={http://www.rfidjournal.com/article/view/4986},
	urldate = { 11.01.2013 14:37 },
	author={Kevin Ashton},
	year={2009},
	month={june},
	title={That 'Internet of Things' Thing},
}

@ONLINE{cosm,
	url={https://cosm.com/},
	urldate = { 11.01.2013 15:00 },
	author={ Cosm Ltd},
	title={Cosm - Internet of Things Platform},
}





